<?xml version="1.0" encoding="UTF-8"?>
<Document
	xmlns="urn:iso:std:iso:20022:tech:xsd:camt.054.001.08"
	xmlns:xsi="http://www.w3.org/2001/XMLSchema-instance" xsi:schemaLocation="urn:iso:std:iso:20022:tech:xsd:camt.054.001.08 camt.054.001.08.xsd">
	<BkToCstmrDbtCdtNtfctn>
		<GrpHdr>
			<MsgId>20260116375204393747968</MsgId>
			<CreDtTm>2026-01-16T23:35:44</CreDtTm>
			<MsgPgntn>
				<PgNb>1</PgNb>
				<LastPgInd>true</LastPgInd>
			</MsgPgntn>
			<AddtlInf>SPS/2/PROD</AddtlInf>
		</GrpHdr>
		<Ntfctn>
			<Id>20260116375204393747974</Id>
			<CreDtTm>2026-01-16T23:35:44</CreDtTm>
			<FrToDt>
				<FrDtTm>2026-01-16T00:00:00</FrDtTm>
				<ToDtTm>2026-01-16T23:59:59</ToDtTm>
			</FrToDt>
			<Acct>
				<Id>
					<IBAN>CH1900000000000000000</IBAN>
				</Id>
				<Tp>
					<Cd>TRAN</Cd>
				</Tp>
				<Ccy>CHF</Ccy>
				<Ownr>
					<Nm>Tony Stark Industries</Nm>
				</Ownr>
			</Acct>
			<Ntry>
				<NtryRef>CH1900000000000000000</NtryRef>
				<Amt Ccy="CHF">30.00</Amt>
				<CdtDbtInd>CRDT</CdtDbtInd>
				<RvslInd>false</RvslInd>
				<Sts>
					<Cd>BOOK</Cd>
				</Sts>
				<BookgDt>
					<Dt>2026-01-16</Dt>
				</BookgDt>
				<ValDt>
					<Dt>2026-01-16</Dt>
				</ValDt>
				<AcctSvcrRef>01662010E8HZJBZK</AcctSvcrRef>
				<BkTxCd>
					<Domn>
						<Cd>PMNT</Cd>
						<Fmly>
							<Cd>RCDT</Cd>
							<SubFmlyCd>VCOM</SubFmlyCd>
						</Fmly>
					</Domn>
				</BkTxCd>
				<NtryDtls>
					<Btch>
						<NbOfTxs>1</NbOfTxs>
					</Btch>
					<TxDtls>
						<Refs>
							<AcctSvcrRef>260116CH0E8HZJBZ</AcctSvcrRef>
							<InstrId>1417959807-1-1</InstrId>
							<UETR>754ac9f7-a078-4fe0-a694-e769bc348150</UETR>
							<Prtry>
								<Tp>00</Tp>
								<Ref>20260116375204195246848</Ref>
							</Prtry>
						</Refs>
						<Amt Ccy="CHF">30.00</Amt>
						<CdtDbtInd>CRDT</CdtDbtInd>
						<BkTxCd>
							<Domn>
								<Cd>PMNT</Cd>
								<Fmly>
									<Cd>RCDT</Cd>
									<SubFmlyCd>VCOM</SubFmlyCd>
								</Fmly>
							</Domn>
						</BkTxCd>
						<RltdPties>
							<Dbtr>
								<Pty>
									<Nm>Tony Stark</Nm>
									<PstlAdr>
										<StrtNm>Stark Tower</StrtNm>
										<BldgNb>1</BldgNb>
										<PstCd>10001</PstCd>
										<TwnNm>New York</TwnNm>
										<Ctry>US</Ctry>
									</PstlAdr>
								</Pty>
							</Dbtr>
							<DbtrAcct>
								<Id>
									<IBAN>CH4300000000000000000</IBAN>
								</Id>
							</DbtrAcct>
							<CdtrAcct>
								<Id>
									<IBAN>CH6730000000000000000</IBAN>
								</Id>
							</CdtrAcct>
						</RltdPties>
						<RltdAgts>
							<DbtrAgt>
								<FinInstnId>
									<BICFI>IRONMANXXXX</BICFI>
									<Nm>Stark Bank</Nm>
									<PstlAdr>
										<StrtNm>Avengers Avenue</StrtNm>
										<TwnNm>New York</TwnNm>
										<Ctry>US</Ctry>
									</PstlAdr>
								</FinInstnId>
							</DbtrAgt>
						</RltdAgts>
						<RmtInf>
							<Strd>
								<CdtrRefInf>
									<Tp>
										<CdOrPrtry>
											<Prtry>QRR</Prtry>
										</CdOrPrtry>
									</Tp>
									<Ref>000000017368904740340000019</Ref>
								</CdtrRefInf>
								<AddtlRmtInf>?REJECT?0</AddtlRmtInf>
								<AddtlRmtInf>?ERROR?000</AddtlRmtInf>
							</Strd>
						</RmtInf>
						<RltdDts>
							<AccptncDtTm>2026-01-16T20:00:00</AccptncDtTm>
						</RltdDts>
					</TxDtls>
				</NtryDtls>
				<AddtlNtryInf>GUTSCHRIFT CH4300000000000000000 ABSENDER: TONY STARK STARK TOWER 1 10001 NEW YORK REFERENZEN: 000000017368904740340000019</AddtlNtryInf>
			</Ntry>
			<Ntry>
				<NtryRef>CH6730000000000000000</NtryRef>
				<Amt Ccy="CHF">2.00</Amt>
				<CdtDbtInd>CRDT</CdtDbtInd>
				<RvslInd>false</RvslInd>
				<Sts>
					<Cd>BOOK</Cd>
				</Sts>
				<BookgDt>
					<Dt>2026-01-16</Dt>
				</BookgDt>
				<ValDt>
					<Dt>2026-01-16</Dt>
				</ValDt>
				<AcctSvcrRef>01662010E8KWUU1K</AcctSvcrRef>
				<BkTxCd>
					<Domn>
						<Cd>PMNT</Cd>
						<Fmly>
							<Cd>RCDT</Cd>
							<SubFmlyCd>VCOM</SubFmlyCd>
						</Fmly>
					</Domn>
				</BkTxCd>
				<NtryDtls>
					<Btch>
						<NbOfTxs>1</NbOfTxs>
					</Btch>
					<TxDtls>
						<Refs>
							<AcctSvcrRef>260116CH0E8KWUU1</AcctSvcrRef>
							<InstrId>9911516LK1166848</InstrId>
							<EndToEndId>NOTPROVIDED</EndToEndId>
							<UETR>dd8eb107-84d4-410a-a235-e934945693d7</UETR>
							<Prtry>
								<Tp>00</Tp>
								<Ref>20260116375204195188497</Ref>
							</Prtry>
						</Refs>
						<Amt Ccy="CHF">2.00</Amt>
						<CdtDbtInd>CRDT</CdtDbtInd>
						<BkTxCd>
							<Domn>
								<Cd>PMNT</Cd>
								<Fmly>
									<Cd>RCDT</Cd>
									<SubFmlyCd>VCOM</SubFmlyCd>
								</Fmly>
							</Domn>
						</BkTxCd>
						<RltdPties>
							<Dbtr>
								<Pty>
									<Nm>Bruce Banner</Nm>
									<PstlAdr>
										<PstCd>10002</PstCd>
										<TwnNm>Gamma Street 42 New York</TwnNm>
										<Ctry>US</Ctry>
									</PstlAdr>
								</Pty>
							</Dbtr>
							<DbtrAcct>
								<Id>
									<IBAN>CH3900000000000000000</IBAN>
								</Id>
							</DbtrAcct>
							<CdtrAcct>
								<Id>
									<IBAN>CH6730000000000000000</IBAN>
								</Id>
							</CdtrAcct>
						</RltdPties>
						<RltdAgts>
							<DbtrAgt>
								<FinInstnId>
									<ClrSysMmbId>
										<MmbId>211</MmbId>
									</ClrSysMmbId>
									<Nm>Banner Bank</Nm>
									<PstlAdr>
										<StrtNm>Science Park 7</StrtNm>
										<TwnNm>New York</TwnNm>
										<Ctry>US</Ctry>
									</PstlAdr>
								</FinInstnId>
							</DbtrAgt>
						</RltdAgts>
						<RmtInf>
							<Strd>
								<CdtrRefInf>
									<Tp>
										<CdOrPrtry>
											<Prtry>QRR</Prtry>
										</CdOrPrtry>
									</Tp>
									<Ref>000176590200045017659021118</Ref>
								</CdtrRefInf>
								<AddtlRmtInf>?REJECT?0</AddtlRmtInf>
								<AddtlRmtInf>?ERROR?000</AddtlRmtInf>
							</Strd>
						</RmtInf>
						<RltdDts>
							<AccptncDtTm>2026-01-16T20:00:00</AccptncDtTm>
						</RltdDts>
					</TxDtls>
				</NtryDtls>
				<AddtlNtryInf>GUTSCHRIFT AUFTRAGGEBER: BRUCE BANNER GAMMA STREET 42 NEW YORK SPESENBETRAG 0.00 CHF SHA REFERENZEN: NOTPROVIDED 9911516LK1166848 260116CH0E8KWUU1 000176590200045017659021118</AddtlNtryInf>
			</Ntry>
		</Ntfctn>
	</BkToCstmrDbtCdtNtfctn>
</Document>